
@misc{gerlach_acsl_2020,
	title = {{ACSL} by {Example}},
	howpublished = {\url{https://github.com/fraunhoferfokus/acsl-by-example}},
	author = {Gerlach, Jens and Brodmann, Malte and Burghardt, Jochen and Clausecker, Andreas Carben Robert and Efremov, Denis and Gu, Liangliang and Hartig, Kerstin and Lapawczyk, Timon and Pohl, Hans Werner and Sikatzki, Tim and Soto, Juan and Völlinger, Kim},
	month = nov,
	year = {2020},
	file = {ACSL-by-Example.pdf:/Users/nikolaushuber/Zotero/storage/WT45FQKY/ACSL-by-Example.pdf:application/pdf},
}

@misc{baudin_acsl_nodate,
	title = {{ACSL}: {ANSI}/{ISO} {C} {Specification} {Language} {Version} 1.18},
	howpublished = {\url{https://frama-c.com/download/acsl.pdf}},
	author = {Baudin, Patrick and Cuoq, Pascal and Filliâtre, Jean-Christophe and Marché, Claude and Monate, Benjamin and Moy, Yannick and Prevosto, Virgile},
	file = {acsl.pdf:/Users/nikolaushuber/Zotero/storage/ATHNNQAH/acsl.pdf:application/pdf},
}

@misc{blanchard_introduction_2020,
	title = {Introduction to {C} program proof with {Frama}-{C} and its {WP} plugin},
	howpublished = {\url{https://github.com/AllanBlanchard/tutoriel_wp}},
	author = {Blanchard, Allan},
	month = jul,
	year = {2020},
	file = {frama-c-wp-tutorial-en-2.pdf:/Users/nikolaushuber/Zotero/storage/GF6S9I94/frama-c-wp-tutorial-en-2.pdf:application/pdf},
}

@misc{correnson_frama-c_nodate,
	title = {Frama-{C} {User} {Manual}},
	howpublished = {\url{https://frama-c.com/download/frama-c-user-manual.pdf}},
	author = {Correnson, Loic and Cuoq, Pascal and Kirchner, Florent and Maroneze, André and Puccetti, Armand and Signoles, Julien and Yakobowski, Boris},
	file = {frama-c-user-manual.pdf:/Users/nikolaushuber/Zotero/storage/3D7K2ZHS/frama-c-user-manual.pdf:application/pdf},
}

@misc{prevosto_acsl_nodate,
	title = {{ACSL} {Mini}-{Tutorial}},
	howpublished = {\url{https://frama-c.com/download/acsl-tutorial.pdf}},
	language = {en},
	author = {Prevosto, Virgile},
	file = {Prevosto - This work has been partially supported by the CAT .pdf:/Users/nikolaushuber/Zotero/storage/STV8IRJY/Prevosto - This work has been partially supported by the CAT .pdf:application/pdf},
}

@inproceedings{esen2022tricera,
  title={TRICERA: Verifying C Programs Using the Theory of Heaps},
  author={Esen, Zafer and R{\"u}mmer, Philipp},
  booktitle={CONFERENCE ON FORMAL METHODS IN COMPUTER-AIDED DESIGN--FMCAD 2022},
  pages={380},
  year={2022}
}
